@Article{GonzalezBustamante2020,
  author    = {Bastián González-Bustamante},
  journal   = {Bulletin of Latin American Research},
  title     = {{The Politics-Administration Dichotomy: A Case Study of the Chilean Executive during the Democratic Post-Transition}},
  year      = {2020},
  month     = {nov},
  number    = {5},
  pages     = {582--597},
  volume    = {39},
  doi       = {10.1111/blar.13044},
  groups    = {Proposal-06},
  publisher = {Wiley},
}

%

@Article{GonzalezBustamante2016,
  author  = {Bastián González-Bustamante and Alejandro Olivares},
  journal = {Observatório de elites políticas e sociais do Brasil. NUSP/UFPR},
  title   = {{A rotatividade de subsecretários dos ministérios no Chile (1990-2014)}},
  year    = {2016},
  number  = {5},
  pages   = {1--19},
  volume  = {3},
  url     = {https://www.researchgate.net/publication/321993740_A_rotatividade_de_subsecretarios_dos_ministerios_no_Chile_1990-2014},
}

@Article{GonzalezBustamante2015,
  author    = {Bastián González-Bustamante and Alejandro Olivares},
  journal   = {Revista de Gestión Pública},
  title     = {{Rotación de subsecretarios en Chile: Una exploración de la segunda línea gubernamental (1990-2014)}},
  year      = {2015},
  month     = {jun},
  number    = {2},
  pages     = {151--190},
  volume    = {IV},
  doi       = {10.22370/rgp.2015.4.2.2230},
  publisher = {Universidad de Valparaiso Chile},
}

@Misc{GonzalezBustamante2022,
  author    = {Bastián González-Bustamante and Alejandro Olivares},
  note      = {DOI: 10.5281/zenodo.5715384},
  title     = {{Data Set on Chilean Undersecretaries (1990-2022) (Version 2.0.0 -- Shy Mud)}},
  year      = {2022},
  copyright = {Creative Commons Attribution 4.0 International},
  doi       = {10.5281/ZENODO.5715384},
  keywords  = {government, political-science, survival-analysis, kaplan-meier, Chile, cabinets, undersecretaries},
  language  = {en},
  publisher = {GitHub/Zenodo},
}

@Comment{jabref-meta: databaseType:bibtex;}
